@article{DBLP:journals/corr/HosuR16,
  author    = {Ionel{-}Alexandru Hosu and Traian Rebedea},
  title     = {Playing Atari Games with Deep Reinforcement Learning and Human Checkpoint Replay},
  journal   = {arXiv},
  volume    = {abs/1607.05077},
  year      = {2016},
  url       = {http://arxiv.org/abs/1607.05077}
}

@incollection{AlexNet2012,
  Title = {ImageNet Classification with Deep Convolutional Neural Networks},
  Author = {Alex Krizhevsky and Sutskever, Ilya and Geoffrey E. Hinton},
  Booktitle = {Advances in Neural Information Processing Systems 25},
  Editor = {F. Pereira and C. J. C. Burges and L. Bottou and K. Q. Weinberger},
  Pages = {1097--1105},
  Year = {2012},
  Publisher = {Curran Associates, Inc.},
}

@article{DeepSpeech2014,
  author    = {Awni Y. Hannun and Carl Case and Jared Casper and Bryan C. Catanzaro and Greg Diamos
  and Erich Elsen and Ryan Prenger and Sanjeev Satheesh and Shubho Sengupta and Adam Coates and
  Andrew Y.  Ng},
  title     = {Deep Speech: Scaling up end-to-end speech recognition},
  journal   = {arXiv preprint},
  volume    = {abs/1412.5567},
  year      = {2014},
}

@article{deepSpeechReviewSPM2012,
  author={Geoffrey E. Hinton and Li Deng and Dong Yu and George E. Dahl and Abdel{-}rahman Mohamed
  and Navdeep Jaitly and Andrew Senior and Vincent Vanhoucke and Patrick Nguyen and Tara N. Sainath
  and Brian Kingsbury},
  title     = {Deep Neural Networks for Acoustic Modeling in Speech Recognition: The Shared Views of
  Four Research Groups},
  journal   = {IEEE Signal Process. Mag.},
  volume    = {29},
  number    = {6},
  year      = {2012},
}

@article{surpassing-human-2015,
  author = {He, Kaiming and Zhang, Xiangyu and Ren, Shaoqing and 0001, Jian Sun},
  journal = {ICCV},
  title = {Delving Deep into Rectifiers: Surpassing Human-Level Performance on ImageNet
  Classification.},
  volume = {abs/1502.01852},
  year = 2015
}

@book{Sutton_1998,
  author = {Sutton, Richard S. and Barto, Andrew G.},
  title = {Introduction to Reinforcement Learning},
  year = {1998},
  isbn = {0262193981},
  edition = {1st},
  publisher = {MIT Press},
  address = {Cambridge, MA, USA},
} 

@article{speech,
  author       = {George Dahl and Dong Yu and Li Deng and Alex Acero},
  journal      = {IEEE Transactions on Audio, Speech, and Language Processing},
  month        = {January},
  number       = {1},
  pages        = {30-42},
  title        = {Context-Dependent Pre-trained Deep Neural Networks for Large Vocabulary Speech Recognition},
  volume       = {20},
  year         = {2012},
}

@inproceedings{speech_2,
  added-at = {2013-11-02T00:00:00.000+0100},
  author = {Graves, Alex and rahman Mohamed, Abdel and Hinton, Geoffrey E.},
  biburl = {http://www.bibsonomy.org/bibtex/28bb8304f2b2e3a21c4c40719b0c60dd5/dblp},
  booktitle = {ICASSP},
  crossref = {conf/icassp/2013},
  ee = {http://dx.doi.org/10.1109/ICASSP.2013.6638947},
  interhash = {1cd74ce6e8dae51149cd2b2d0f08f81a},
  intrahash = {8bb8304f2b2e3a21c4c40719b0c60dd5},
  keywords = {dblp},
  pages = {6645-6649},
  publisher = {IEEE},
  timestamp = {2013-11-05T11:36:31.000+0100},
  title = {Speech recognition with deep recurrent neural networks.},
  year = 2013
}

@book{stenninghuman,
  title={Human Reasoning and Cognitive Science},
  author={Stenning, K. and van Lambalgen, M.},
  publisher={MIT Press},
  year={2008}
}

@book{Friedenberg_Silverman_2006,
  added-at = {2010-07-15T22:42:28.000+0200},
  address = {Thousand Oaks},
  author = {Friedenberg, Jay and Silverman, Gordon},
  keywords = {cognitive_science},
  pages = {xxiii, 531},
  publisher = {Sage},
  title = {Cognitive science : an introduction to the study of mind},
  year = 2006
}

@BOOK{NAP9853,
  author    = "National Research Council",
  title     = "How People Learn: Brain, Mind, Experience, and School: Expanded Edition",
  year      = 2000,
  publisher = "The National Academies Press",
  address   = "Washington, DC"
}





*************
DeepRL papers
*************

@incollection{nips-atari-2014,
  title = {Deep Learning for Real-Time Atari Game Play Using Offline Monte-Carlo Tree Search Planning},
  author = {Guo, Xiaoxiao and Singh, Satinder and Lee, Honglak and Lewis, Richard L and Wang, Xiaoshi},
  booktitle = {Advances in Neural Information Processing Systems 27},
  editor = {Z. Ghahramani and M. Welling and C. Cortes and N.D. Lawrence and K.Q. Weinberger},
  pages = {3338--3346},
  year = {2014},
  publisher = {Curran Associates, Inc.},
}

@ARTICLE{bellemare13arcade,
  author = {{Bellemare}, M.~G. and {Naddaf}, Y. and {Veness}, J. and {Bowling}, M.},
  title = {The Arcade Learning Environment: An Evaluation Platform for General Agents},
  journal = {Journal of Artificial Intelligence Research},
  year = {2013}
}

@article{mnih-dqn-2015,
    Author = {Mnih, Volodymyr and Kavukcuoglu, Koray and Silver, David and Rusu, Andrei A. and
    Veness, Joel and Bellemare, Marc G. and Graves, Alex and Riedmiller, Martin and Fidjeland,
    Andreas K. and Ostrovski, Georg and Petersen, Stig and Beattie, Charles and Sadik, Amir and
    Antonoglou, Ioannis and King, Helen and Kumaran, Dharshan and Wierstra, Daan and Legg, Shane and
    Hassabis, Demis},
    Day = {26},
    Journal = {Nature},
    Month = {02},
    Number = {7540},
    Pages = {529--533},
    Title = {Human-level control through deep reinforcement learning},
    Volume = {518},
    Year = {2015},
}

@article{silver-alphago-2016,
    Author = {Silver, David and Huang, Aja and Maddison, Chris J. and Guez, Arthur and Sifre,
    Laurent and van den Driessche, George and Schrittwieser, Julian and Antonoglou, Ioannis and
    Panneershelvam, Veda and Lanctot, Marc and Dieleman, Sander and Grewe, Dominik and Nham, John
    and Kalchbrenner, Nal and Sutskever, Ilya and Lillicrap, Timothy and Leach, Madeleine and
    Kavukcuoglu, Koray and Graepel, Thore and Hassabis, Demis},
    Journal = {Nature},
    Month = {01},
    Number = {7587},
    Pages = {484--489},
    Title = {Mastering the game of Go with deep neural networks and tree search},
    Volume = {529},
    Year = {2016}
}

@inproceedings{Schaul2016,
Address = {Puerto Rico},
Author = {Schaul, Tom and Quan, John and Antonoglou, Ioannis and Silver, David},
Booktitle = {International Conference on Learning Representations},
Title = {Prioritized Experience Replay},
Year = {2016}}

@inproceedings{DBLP:conf/icml/WangSHHLF16,
Author = {Ziyu Wang and Tom Schaul and Matteo Hessel and Hado van Hasselt and Marc Lanctot and Nando de Freitas},
Booktitle = {Proceedings of the 33nd International Conference on Machine Learning, {ICML} 2016, New York City, NY, USA, June 19-24, 2016},
Crossref = {DBLP:conf/icml/2016},
Pages = {1995--2003},
Title = {Dueling Network Architectures for Deep Reinforcement Learning},
Year = {2016}}

@inproceedings{DBLP:conf/aaai/HasseltGS16,
Author = {Hado van Hasselt and Arthur Guez and David Silver},
Booktitle = {Proceedings of the Thirtieth {AAAI} Conference on Artificial Intelligence, February 12-17, 2016, Phoenix, Arizona, {USA.}},
Crossref = {DBLP:conf/aaai/2016},
Pages = {2094--2100},
Title = {Deep Reinforcement Learning with Double Q-Learning},
Year = {2016}}

@inproceedings{DBLP:conf/icml/MnihBMGLHSK16,
Author = {Volodymyr Mnih and Adri{\`{a}} Puigdom{\`{e}}nech Badia and Mehdi
Mirza and Alex Graves and Timothy P. Lillicrap and Tim Harley and David
Silver and Koray Kavukcuoglu},
Booktitle = {Proceedings of the 33nd International Conference on Machine
Learning, {ICML} 2016, New York City, NY, USA, June 19-24, 2016},
Crossref = {DBLP:conf/icml/2016},
Pages = {1928--1937},
Title = {Asynchronous Methods for Deep Reinforcement Learning},
Year = {2016}}

@article{DBLP:journals/corr/JaderbergMCSLSK16,
Author = {Max Jaderberg and Volodymyr Mnih and Wojciech Marian Czarnecki and
Tom Schaul and Joel Z. Leibo and David Silver and Koray Kavukcuoglu},
Journal = {arXiv},
Title = {Reinforcement Learning with Unsupervised Auxiliary Tasks},
Volume = {abs/1611.05397},
Year = {2016}}

@incollection{NIPS2016_6501,
Author = {Osband, Ian and Blundell, Charles and Pritzel, Alexander and Van Roy, Benjamin},
Booktitle = {Advances in Neural Information Processing Systems 29},
Editor = {D. D. Lee and M. Sugiyama and U. V. Luxburg and I. Guyon and R. Garnett},
Pages = {4026--4034},
Publisher = {Curran Associates, Inc.},
Title = {Deep Exploration via Bootstrapped DQN},
Year = {2016}}

@incollection{NIPS2016_6420,
Author = {Hadfield-Menell, Dylan and Russell, Stuart J and Abbeel, Pieter and Dragan, Anca},
Booktitle = {Advances in Neural Information Processing Systems 29},
Editor = {D. D. Lee and M. Sugiyama and U. V. Luxburg and I. Guyon and R. Garnett},
Pages = {3909--3917},
Publisher = {Curran Associates, Inc.},
Title = {Cooperative Inverse Reinforcement Learning},
Year = {2016}}

**********
LFD Papers
**********

@article{DBLP:journals/corr/LaskeyCLMKJDG16,
Author = {Michael Laskey and Caleb Chuck and Jonathan Lee and Jeffrey Mahler
and Sanjay Krishnan and Kevin Jamieson and Anca D. Dragan and Kenneth Y. Goldberg},
Journal = {arXiv},
Title = {Comparing Human-Centric and Robot-Centric Sampling for Robot Deep Learning from Demonstrations},
Volume = {abs/1610.00850},
Year = {2016}}

@inproceedings{Ziebart_2008_6055,
author = "Brian D. Ziebart and Andrew Maas and J. Andrew (Drew) Bagnell and Anind Dey",
title = "Maximum Entropy Inverse Reinforcement Learning",
booktitle = "Proceeding of AAAI 2008",
month = "July",
year = "2008"}

@inproceedings{DBLP:journals/jmlr/RossGB11,
Author = {St{\'{e}}phane Ross and Geoffrey J. Gordon and Drew Bagnell},
Booktitle = {Proceedings of the Fourteenth International Conference on
Artificial Intelligence and Statistics, {AISTATS} 2011, Fort Lauderdale, USA, April 11-13, 2011},
Crossref = {DBLP:conf/aistats/2011},
Pages = {627--635},
Title = {A Reduction of Imitation Learning and Structured Prediction to No-Regret Online Learning},
Year = {2011}}

@inproceedings{conf/nips/KimFPP13,
author = {Kim, Beomjoon and Farahmand, Amir Massoud and Pineau, Joelle and Precup, Doina},
booktitle = {NIPS},
editor = {Burges, Christopher J. C. and Bottou, Léon and Ghahramani,
Zoubin and Weinberger, Kilian Q.},
pages = {2859-2867},
title = {Learning from Limited Demonstrations.},
year = 2013}

@inproceedings{DBLP:dblp_conf/icra/LaskeySHMPDG16,
author= {Michael Laskey and Sam Staszak and Wesley Yu-Shu Hsieh and Jeffrey
Mahler and Florian T.  Pokorny and Anca D.  Dragan and Ken Goldberg},
title = {SHIV: Reducing supervisor burden in DAgger using support vectors for
efficient learning from demonstrations in high dimensional state spaces.},
booktitle ={ICRA},
year = {2016},
pages = {462-469},}

*********
Attention
*********

@incollection{NIPS2014_5542,
Author = {Mnih, Volodymyr and Heess, Nicolas and Graves, Alex and kavukcuoglu, koray},
Booktitle = {Advances in Neural Information Processing Systems 27},
Editor = {Z. Ghahramani and M. Welling and C. Cortes and N. D. Lawrence and K. Q. Weinberger},
Pages = {2204--2212},
Publisher = {Curran Associates, Inc.},
Title = {Recurrent Models of Visual Attention},
Year = {2014}}

@inproceedings{icml2015_xuc15, 
Publisher = {JMLR Workshop and Conference Proceedings}, 
title="Show, Attend and Tell: Neural Image Caption Generation with Visual Attention", 
Author={Xu, Kelvin and Ba, Jimmy and Kiros, Ryan and Cho, Kyunghyun and Courville, Aaron and Salakhudinov, Ruslan and Zemel, Rich and Bengio, Yoshua}, 
year="2015", 
Booktitle="Proceedings of the 32nd International Conference on Machine Learning (ICML-15)", 
Editor={David Blei and Francis Bach}, 
pages="2048-2057", 
}

*****
Other
*****


@article{2016arXiv160502688short,
Author = {{Theano Development Team}},
Journal = {arXiv e-prints},
Month = may,
Title = {{Theano: A {Python} framework for fast computation of
mathematical expressions}},
Volume = {abs/1605.02688},
Year = 2016}

